@inbook{DIP,
Title                    = {Digital Image Processing (3rd Ed)},
Author                   = {Rafael C. Gonzalez and Richard E. Woods},
Year                     = {2008},
Publisher                = {Prentice Hall},
Pages                    = {1},
Address                    = {Upper Saddle River, NJ.}
}
@misc{randomv,
  title = {2WB05 Simulation Lecture 8: Generating random variables},
  howpublished = {\url{https://www.win.tue.nl/~marko/2WB05/lecture8.pdf}},
  note = {Accessed: 2017-12-31}
}
@misc{inversef,
title={Image Restoration},
howpublished={\url{http://www.ee.columbia.edu/~xlx/ee4830/notes/lec7.pdf}},
note={Accessed: 2017-12-31}
}
@article{vincent,
  title={Morphological grayscale reconstruction in image analysis: Applications and efficient algorithms},
  author={Vincent, Luc},
  journal={IEEE transactions on image processing},
  volume={2},
  number={2},
  pages={176--201},
  year={1993},
  publisher={IEEE}
}